@inproceedings{sns,
  title={A novel corpus-based stemming algorithm using co-occurrence statistics},
  author={Paik, Jiaul H and Pal, Dipasree and Parui, Swapan K},
  booktitle={Proceedings of the 34th international ACM SIGIR conference on Research and development in Information Retrieval},
  pages={863--872},
  year={2011},
  organization={ACM}
}

@inproceedings{frakes,
  title={Strength and similarity of affix removal stemming algorithms},
  author={Frakes, William B and Fox, Christopher J},
  booktitle={ACM SIGIR Forum},
  volume={37},
  number={1},
  pages={26--30},
  year={2003},
  organization={ACM}
}

@article{sirsat,
  title={Strength and accuracy analysis of affix removal stemming algorithms},
  author={Sirsat, Sandeep R and Chavan, Vinay and Mahalle, Hemant S},
  journal={International Journal of Computer Science and Information Technologies},
  volume={4},
  number={2},
  pages={265--269},
  year={2013}
}

@misc{snowball,
  title={Snowball: A language for stemming algorithms},
  author={Porter, Martin F},
  year={2001}
}

@inproceedings{terrier,
  title={Terrier information retrieval platform},
  author={Ounis, Iadh and Amati, Gianni and Plachouras, Vassilis and He, Ben and Macdonald, Craig and Johnson, Douglas},
  booktitle={European Conference on Information Retrieval},
  pages={517--519},
  year={2005},
  organization={Springer}
}

@misc{maven,
  title = {Maven},
  howpublished = {\url{https://maven.apache.org/}}
}

@misc{ujmp,
  title = {Universal Java Matrix Package},
  howpublished = {\url{https://ujmp.org/}}
}
